
@misc{jaseci-github,
  author       = {JaseciLabs},
  year         = {2022},
  title        = {The Official Jaseci Code Repository},
  howpublished = {\url{https://github.com/Jaseci-Labs/jaseci}},
  note         = {[Online; accessed 10-May-2022]}
}

@misc{jaseci-pypi,
  author       = {JaseciLabs},
  year         = {2022},
  title        = {Profile of jaseclabs pypi},
  howpublished = {\url{https://pypi.org/user/jasecilabs/}},
  note         = {[Online; accessed 10-May-2022]}
}

@misc{jaseci-website,
  author       = {JaseciLabs},
  year         = {2022},
  title        = {Jaseci Home},
  howpublished = {\url{https://jaseci.org/}},
  note         = {[Online; accessed 10-May-2022]}
}

@misc{myca-website,
  author       = {myca},
  year         = {2022},
  title        = {Myca.ai, Growth via Reflection},
  howpublished = {\url{https://myca.ai/}},
  note         = {[Online; accessed 10-May-2022]}
}

@misc{zsb-website,
  author       = {ZeroShotBot},
  year         = {2022},
  title        = {Next-Gen AI, ZeroShotBot},
  howpublished = {\url{https://zeroshotbot.com/}},
  note         = {[Online; accessed 10-May-2022]}
}

@misc{ts-website,
  author       = {TrueSelph},
  year         = {2022},
  title        = {Unleash your TRUE SELPH, TrueSelph},
  howpublished = {\url{https://trueselph.com/}},
  note         = {[Online; accessed 10-May-2022]}
}

@misc{hlp-website,
  author       = {HomeLendingPal},
  year         = {2022},
  title        = {Intelligent Mortgage Advisor - Home Lending Pal},
  howpublished = {\url{https://www.homelendingpal.com/}},
  note         = {[Online; accessed 10-May-2022]}
}

@misc{v75-website,
  author       = {V75},
  year         = {2022},
  title        = {Technology with Impact, V75 Inc.},
  howpublished = {\url{https://v75inc.com/}},
  note         = {[Online; accessed 10-May-2022]}
}

@misc{bcs-website,
  author       = {BCSTechnology},
  year         = {2022},
  title        = {IT Consultation and Services Provider - BCS Technology},
  howpublished = {\url{https://www.bcstechnology.com.au/}},
  note         = {[Online; accessed 10-May-2022]}
}