@book{intro_to_algo,
  added-at  = {2020-08-17T00:00:00.000+0200},
  author    = {Cormen, Thomas H. and Leiserson, Charles E. and Rivest, Ronald L. and Stein, Clifford},
  biburl    = {https://www.bibsonomy.org/bibtex/244521181e0affc44006d6de882c21627/dblp},
  ee        = {https://www.worldcat.org/oclc/698955316},
  interhash = {bfcf8edf7ee96a0ee5630d6f3541da94},
  intrahash = {44521181e0affc44006d6de882c21627},
  isbn      = {9780262533058},
  keywords  = {dblp},
  pages     = {I-XIX, 1-1292},
  publisher = {MIT Press},
  timestamp = {2020-08-18T11:45:35.000+0200},
  title     = {Introduction to Algorithms, 3rd Edition.},
  year      = 2009
}

 @misc{wiki:Multi-pseudograph.svg,
  author = {Wikimedia Commons},
  title  = {File:Multi-pseudograph.svg --- Wikimedia Commons{,} the free media repository},
  year   = {2020},
  url    = {https://commons.wikimedia.org/w/index.php?title=File:Multi-pseudograph.svg&oldid=438768760},
  note   = {[Online; accessed 9-July-2021]}
}

 @misc{wiki:Directed_graph_no_background.svg,
  author = {Wikimedia Commons},
  title  = {File:Directed graph no background.svg --- Wikimedia Commons{,} the free media repository},
  year   = {2020},
  url    = {https://commons.wikimedia.org/w/index.php?title=File:Directed_graph_no_background.svg&oldid=496963901},
  note   = {[Online; accessed 13-July-2021]}
}

@book{harrypotter,
  added-at  = {2010-11-05T16:28:11.000+0100},
  address   = {London},
  author    = {Rowling, J. K.},
  biburl    = {https://www.bibsonomy.org/bibtex/2f7e9e1fada66c9863a6d04e3ee7ee611/trude},
  edition   = 1,
  interhash = {37074c29243a627361777c5565bbeee3},
  intrahash = {f7e9e1fada66c9863a6d04e3ee7ee611},
  isbn      = {978-0747532699},
  keywords  = {_temp chemmedia},
  month     = {June},
  publisher = {Bloomsbury Publishing},
  timestamp = {2010-11-05T16:28:11.000+0100},
  title     = {Harry Potter and the Philosopher's Stone},
  volume    = 1,
  year      = 1997
}
 @misc{wiki:hello_world_baby.jpg,
  author = {Wikimedia Commons},
  title  = {File:Baby in Wikimedia Foundation "hello world" onesie.jpg --- Wikimedia Commons{,} the free media repository},
  year   = {2020},
  url    = {https://commons.wikimedia.org/w/index.php?title=File:Baby_in_Wikimedia_Foundation_%22hello_world%22_onesie.jpg&oldid=460210631},
  note   = {[Online; accessed 29-July-2021]}
}

@misc{django,
  author  = {{Django Software Foundation}},
  title   = {Django},
  url     = {https://djangoproject.com},
  version = {2.2},
  date    = {2019-05-05}
}

@misc{PyPI,
  author = {{The Python Foundation}},
  title  = {PyPI: The Python Package Index},
  url    = {https://pypi.org/}
}